<?xml version="1.0" encoding="UTF-8"?><record xmlns="http://www.loc.gov/MARC21/slim" xmlns:cinclude="http://apache.org/cocoon/include/1.0" xmlns:zs="http://www.loc.gov/zing/srw/">
  <leader>00417nz  a2200133n  4500</leader>
  <controlfield tag="001">nr2001021174</controlfield>
  <controlfield tag="003">DLC</controlfield>
  <controlfield tag="005">20020618033121.0</controlfield>
  <controlfield tag="008">010531n| acannaabn          |n aaa     c</controlfield>
  <datafield tag="010" ind1=" " ind2=" ">
    <subfield code="a">nr2001021174</subfield>
  </datafield>
  <datafield tag="040" ind1=" " ind2=" ">
    <subfield code="a">CtWfDGI</subfield>
    <subfield code="b">eng</subfield>
    <subfield code="c">CtWfDGI</subfield>
  </datafield>
  <datafield tag="100" ind1="1" ind2=" ">
    <subfield code="a">Gilman, Mildred Halfmann,</subfield>
    <subfield code="d">1917-</subfield>
  </datafield>
  <datafield tag="670" ind1=" " ind2=" ">
    <subfield code="a">Mildred Halfmann Gilman Papers</subfield>
  </datafield>
  <datafield tag="670" ind1=" " ind2=" ">
    <subfield code="a">Letter from Beatley Library, Simmons College, May 1999</subfield>
    <subfield code="b">(Mildred Halfmann Gilman, 1917-)</subfield>
  </datafield>
</record>